% CodeCRDT Bibliography for MLSys 2026 Submission

% CRDTs and Distributed Systems
@inproceedings{shapiro2011crdts,
  author    = {Marc Shapiro and Nuno M. Pregui{\c{c}}a and Carlos Baquero and Marek Zawirski},
  title     = {Conflict-free Replicated Data Types},
  booktitle = {13th International Symposium on Stabilization, Safety, and Security of Distributed Systems (SSS)},
  year      = {2011},
  publisher = {Springer},
  note      = {INRIA Technical Report 7506}
}

@article{gentle2025egwalker,
  author  = {Joseph Gentle and Martin Kleppmann},
  title   = {Collaborative Text Editing with Eg-walker: Better, Faster, Smaller},
  journal = {Proceedings of EuroSys 2025},
  year    = {2025},
  note    = {To appear. arXiv:2409.14252}
}

@misc{yjs,
  author       = {Kevin Jahns},
  title        = {Yjs: A CRDT Framework with a Powerful Abstraction of Shared Data Types},
  year         = {2020},
  howpublished = {GitHub repository},
  url          = {https://github.com/yjs/yjs}
}

@article{weidner2023collabs,
  author  = {Matthew Weidner and Huairui Qi and Maxime Kj{\ae}r and Ria Pradeep and Benito Geordie and Yicheng Zhang and Gregory Schare and Xuan Tang and Sicheng Xing and Heather Miller},
  title   = {Collabs: A Flexible and Performant CRDT Collaboration Framework},
  journal = {arXiv preprint arXiv:2212.02618},
  year    = {2023}
}

@article{litt2022peritext,
  author  = {Geoffrey Litt and Sarah Lim and Martin Kleppmann and Peter van Hardenberg},
  title   = {Peritext: A CRDT for Collaborative Rich Text Editing},
  journal = {Proceedings of the ACM on Human-Computer Interaction},
  volume  = {6},
  number  = {CSCW2},
  pages   = {Article 531},
  year    = {2022}
}

@article{sun2019otvscrdt,
  author  = {Chengzheng Sun and David Sun and Agustina and Weiwei Cai},
  title   = {Real Differences Between OT and CRDT for Co-Editors},
  journal = {arXiv preprint arXiv:1905.01518},
  year    = {2019}
}

% Multi-Agent LLM Systems
@inproceedings{chen2024chatdev,
  author    = {Qian Chen and Wei Liu and Hongzhang Liu and Nuo Chen and Yufan Dang and Jiahao Li and Cheng Yang and Weize Chen and Yusheng Su and Xin Cong and Juyuan Xu and Dahai Li and Zhiyuan Liu and Maosong Sun},
  title     = {ChatDev: Communicative Agents for Software Development},
  booktitle = {Proceedings of ACL 2024},
  year      = {2024},
  note      = {arXiv:2307.07924}
}

@article{hong2023metagpt,
  author  = {Sirui Hong and Mingchen Zhuge and Jiaqi Chen and Xiawu Zheng and Yuheng Cheng and Ceyao Zhang and Jinlin Wang and Zili Wang and Steven Ka Shing Yau and Zijuan Lin and Liyang Zhou and Chenyu Ran and Lingfeng Xiao and Chenglin Wu and J{\"u}rgen Schmidhuber},
  title   = {MetaGPT: Meta Programming for Multi-Agent Collaborative Framework},
  journal = {arXiv preprint arXiv:2308.00352},
  year    = {2023}
}

@article{wu2023autogen,
  author  = {Qingyun Wu and Gagan Bansal and Jieyu Zhang and Yiran Wu and Shaokun Zhang and Erkang Zhu and Beibin Li and Li Jiang and Xiaoyun Zhang and Chi Wang},
  title   = {AutoGen: Enabling Next-Gen LLM Applications via Multi-Agent Conversation Framework},
  journal = {arXiv preprint arXiv:2308.08155},
  year    = {2023}
}

% LLM-Based Code Generation
@article{peng2023copilot,
  author  = {S. Peng and Eirini Kalliamvakou and Patrick Cihon and Mert Demirer},
  title   = {The Impact of AI on Developer Productivity: Evidence from GitHub Copilot},
  journal = {arXiv preprint arXiv:2302.06590},
  year    = {2023}
}

@article{lahiri2023interactive,
  author  = {Shuvendu K. Lahiri and Sarah Fakhoury and Aaditya Naik and Georgios Sakkas and Saikat Chakraborty and Madanlal Musuvathi and Jeevana Priya Inala and Piali Choudhury and Curtis von Veh and Chenglong Wang and Jianfeng Gao},
  title   = {Interactive Code Generation via Test-Driven User-Intent Formalization},
  journal = {arXiv preprint arXiv:2208.05950},
  year    = {2023}
}

@inproceedings{mu2024clarifygpt,
  author    = {Fangwen Mu and Jiarui Jin and Mahadev Satyanarayanan and Randal E. Bryant and Corina S. P{\u{a}}s{\u{a}}reanu and J. Zico Kolter},
  title     = {ClarifyGPT: Clarifying Ambiguous Requirements for Better Code Generation},
  booktitle = {Proceedings of FSE 2024},
  year      = {2024},
  note      = {arXiv:2408.07023}
}

% Collaborative Development Tools
@misc{vscode2020liveshare,
  author       = {{Microsoft}},
  title        = {VS Code Live Share: Real-Time Collaborative Development},
  year         = {2020},
  howpublished = {\url{https://code.visualstudio.com/learn/collaboration/live-share}}
}

@misc{typefox2023monaco,
  author       = {{TypeFox GmbH}},
  title        = {monaco-languageclient: LSP Integration for Monaco Editor},
  year         = {2023},
  howpublished = {GitHub repository},
  url          = {https://github.com/TypeFox/monaco-languageclient}
}

% Multi-Agent Coordination
@inproceedings{bonnevay2003multiagent,
  author    = {Samuel Bonnevay and Nabil Kabachi and Michel Lamure and Didier Tounissoux},
  title     = {A Multiagent System to Aggregate Preferences},
  booktitle = {IEEE International Conference on Systems, Man and Cybernetics},
  year      = {2003}
}

% Shared-State Coordination
@article{gelernter1985linda,
  author  = {David Gelernter},
  title   = {Generative Communication in Linda},
  journal = {ACM Transactions on Programming Languages and Systems},
  volume  = {7},
  number  = {1},
  pages   = {80--112},
  year    = {1985}
}

@article{erman1980hearsay,
  author  = {Lee D. Erman and Frederick Hayes-Roth and Victor R. Lesser and D. Raj Reddy},
  title   = {The Hearsay-II Speech-Understanding System: Integrating Knowledge to Resolve Uncertainty},
  journal = {ACM Computing Surveys},
  volume  = {12},
  number  = {2},
  pages   = {213--253},
  year    = {1980}
}

@article{theraulaz1999stigmergy,
  author  = {Guy Theraulaz and Eric Bonabeau},
  title   = {A Brief History of Stigmergy},
  journal = {Artificial Life},
  volume  = {5},
  number  = {2},
  pages   = {97--116},
  year    = {1999}
}

% Distributed Systems Fundamentals
@article{lamport1978time,
  author  = {Leslie Lamport},
  title   = {Time, Clocks, and the Ordering of Events in a Distributed System},
  journal = {Communications of the ACM},
  volume  = {21},
  number  = {7},
  pages   = {558--565},
  year    = {1978}
}

% LLM Code Generation and Evaluation
@article{chen2021codex,
  author  = {Mark Chen and Jerry Tworek and Heewoo Jun and Qiming Yuan and Henrique Ponde de Oliveira Pinto and Jared Kaplan and Harri Edwards and Yuri Burda and Nicholas Joseph and Greg Brockman and others},
  title   = {Evaluating Large Language Models Trained on Code},
  journal = {arXiv preprint arXiv:2107.03374},
  year    = {2021}
}

@article{openai2023gpt4,
  author  = {{OpenAI}},
  title   = {GPT-4 Technical Report},
  journal = {arXiv preprint arXiv:2303.08774},
  year    = {2023}
}

@misc{anthropic2024claude,
  author = {{Anthropic}},
  title  = {Claude 3 Model Card},
  year   = {2024},
  note   = {Technical Report}
}

% Tool Calling
@article{schick2023toolformer,
  author  = {Timo Schick and Jane Dwivedi-Yu and Roberto Dess{\`\i} and Roberta Raileanu and Maria Lomeli and Luke Zettlemoyer and Nicola Cancedda and Thomas Scialom},
  title   = {Toolformer: Language Models Can Teach Themselves to Use Tools},
  journal = {arXiv preprint arXiv:2302.04761},
  year    = {2023}
}

% Statistical Methods
@book{cohen1988statistical,
  author    = {Jacob Cohen},
  title     = {Statistical Power Analysis for the Behavioral Sciences},
  publisher = {Lawrence Erlbaum Associates},
  year      = {1988}
}

@article{welch1947ttest,
  author  = {Bernard Lewis Welch},
  title   = {The Generalization of 'Student's' Problem When Several Different Population Variances Are Involved},
  journal = {Biometrika},
  volume  = {34},
  number  = {1-2},
  pages   = {28--35},
  year    = {1947}
}

@article{mann1947test,
  author    = {Henry B. Mann and Donald R. Whitney},
  title     = {On a Test of Whether One of Two Random Variables is Stochastically Larger Than the Other},
  journal   = {The Annals of Mathematical Statistics},
  pages     = {50--60},
  year      = {1947},
  publisher = {JSTOR}
}

% Collaborative Editing Systems
@inproceedings{nichols1995jupiter,
  author    = {David A. Nichols and Pavel Curtis and Michael Dixon and John Lamping},
  title     = {High-Latency, Low-Bandwidth Windowing in the Jupiter Collaboration System},
  booktitle = {Proceedings of the 8th Annual ACM Symposium on User Interface and Software Technology},
  pages     = {111--120},
  year      = {1995}
}

@inproceedings{sun1998operational,
  author    = {Chengzheng Sun and Xiaohua Jia and Yanchun Zhang and Yun Yang and David Chen},
  title     = {Operational Transformation in Real-Time Group Editors: Issues, Algorithms, and Achievements},
  booktitle = {Proceedings of the 1998 ACM Conference on Computer Supported Cooperative Work},
  pages     = {59--68},
  year      = {1998}
}

% Software Engineering
@book{martin2008clean,
  author    = {Robert C. Martin},
  title     = {Clean Code: A Handbook of Agile Software Craftsmanship},
  publisher = {Pearson Education},
  year      = {2008}
}

% Programming Languages
@misc{react,
  author       = {{Meta}},
  title        = {React: A JavaScript Library for Building User Interfaces},
  year         = {2024},
  howpublished = {\url{https://react.dev}}
}

@misc{typescript,
  author       = {{Microsoft}},
  title        = {TypeScript: JavaScript with Syntax for Types},
  year         = {2024},
  howpublished = {\url{https://www.typescriptlang.org}}
}

% WebSocket Protocol
@techreport{rfc6455,
  author      = {Ian Fette and Alexey Melnikov},
  title       = {The WebSocket Protocol},
  institution = {RFC Editor},
  year        = {2011},
  type        = {RFC},
  number      = {6455}
}
